% Look https://www.economics.utoronto.ca/osborne/latex/BIBTEX.HTM

@article{behavioral,
    title = "{Behavioral Biometrcs}",
    author = "{International Biometrics+Identity Association}",
    address = "{1090 Vermont Avenue, NW • 6th Floor, Washington, DC 20005}",
}

@article{eurecom,
    author={Rui Min and Neslihan Kose and Jean-Luc Dugelay},
    journal={Systems, Man, and Cybernetics: Systems, IEEE Transactions on},
    title="{KinectFaceDB: A Kinect Database for Face Recognition}",
    year={2014},
    month={Nov},
    volume={44},
    number={11},
    pages={1534-1548},
    doi={10.1109/TSMC.2014.2331215},
    ISSN={2168-2216},
}

@article{vapaaudk,
    author={R.I. Høg and P. Jasek and C. Rofidal and K. Nasrollahi and T.B. Moeslund},
    title="{An RGB-D Database Using Microsoft’s Kinect for Windows for Face Detection}",
    journal={The IEEE 8th International Conference on Signal Image Technology and Internet Based Systems},
    year={2012},
    country={Italy}
}

@inproceedings{superface,
    author = {Stefano Berretti and Alberto Del Bimbo and Pietro Pala},
    title = "{Superfaces: A Super-Resolution Model for 3D Faces}",
    booktitle = {ECCV Workshops (1)},
    year = {2012},
    pages = {73-82},
    ee = {http://dx.doi.org/10.1007/978-3-642-33863-2_8},
    crossref = {DBLP:conf/eccv/2012w1},
    bibsource = {DBLP, http://dblp.uni-trier.de}
}

@inproceedings
{facerecog,
  author = {Adam Geitgey},
  year = {2017},
  title = "\url{https://github.com/ageitgey/face\_recognition}"
}

@misc{imgaug,
  title="imgaug",
  author={Alexander Jung},
  year={2017}
}

@inproceedings{initialization,
    title = "{Delving Deep into Rectifiers:
Surpassing Human-Level Performance on ImageNet Classification}",
    author = {Kaiming He and Xiangyu Zhang and Shaoqing Ren and Jian Sun},
    organization = "{Microsoft Research}",
    year = {2015}
}

@inproceedings{arXiv:1503.03832,
    title = "{FaceNet: A Unified Embedding for Face Recognition and Clustering}",
    author = {Florian Schroff and Dmitry Kalenichenko and James Philbin},
    year = {2015}
}
